<?xml version='1.0' encoding='utf-8'?>
<record xmlns="http://www.loc.gov/MARC21/slim" xmlns:xsi="http://www.w3.org/2001/XMLSchema-instance" xsi:schemaLocation="http://www.loc.gov/MARC21/slim http://www.loc.gov/standards/marcxml/schema/MARC21slim.xsd">
  <leader>00000npca 2200445za 4500</leader>
  <controlfield tag="005">20090428162132.0</controlfield>
  <controlfield tag="008">971029i19351990miu                 eng d</controlfield>
  <datafield tag="035" ind1=" " ind2=" ">
    <subfield code="a">(OCoLC)ocm79289193</subfield>
  </datafield>
  <datafield tag="040" ind1=" " ind2=" ">
    <subfield code="a">MiU-H</subfield>
    <subfield code="c">MiU-H</subfield>
    <subfield code="e">appm</subfield>
  </datafield>
  <datafield tag="100" ind1="1" ind2=" ">
    <subfield code="a">Landers, Frank Michael.</subfield>
  </datafield>
  <datafield tag="245" ind1="0" ind2="0">
    <subfield code="a">Frank Landers papers,</subfield>
    <subfield code="f">1935-1990</subfield>
    <subfield code="g">(bulk 1945-1975).</subfield>
  </datafield>
  <datafield tag="300" ind1=" " ind2=" ">
    <subfield code="a">3 linear ft.</subfield>
  </datafield>
  <datafield tag="545" ind1=" " ind2=" ">
    <subfield code="a">Career civil servant from Michigan who worked in state government revenue and budgeting agencies, and in the federal government as a budget consultant to foreign governments.</subfield>
  </datafield>
  <datafield tag="545" ind1=" " ind2=" ">
    <subfield code="b">Landers was born in Holyoke, Massachusetts in 1911. He attended the University of Michigan as an undergraduate, and also did graduate work in public administration at the University. After receiving his Masters degree in public administration in 1936, Landers began working as a researcher for the Michigan State Welfare and Relief Study Commission. The next year, he was appointed Chief of the County Finance Unit of the State Emergency Relief Agency.</subfield>
  </datafield>
  <datafield tag="545" ind1=" " ind2=" ">
    <subfield code="b">In 1938, Landers took a job with the State Tax Commission, but left within a year to research and teach at the University of Michigan's Bureau of Government. He returned to the State Tax Commission in 1941, as the Secretary. In 1942-43, Landers left state government to work for the United States Bureau of the Budget. In 1943, he left the Bureau for military service in the Naval Reserve.</subfield>
  </datafield>
  <datafield tag="545" ind1=" " ind2=" ">
    <subfield code="b">With the end of the war, Landers returned to work for the Michigan state government as the research director of the Department of Revenue. In 1949, he was appointed director of the budget in the Department of Administration, where he remained until 1961. During his tenure as the director of the budget, he twice served as a budget consultant for foreign governments: in the Philippines in 1954 and in Vietnam in 1956.</subfield>
  </datafield>
  <datafield tag="520" ind1=" " ind2=" ">
    <subfield code="a">The series in the collection are titled: Foreign Service, Fiscal Management, Writings on Government, and Photographs.</subfield>
  </datafield>
  <datafield tag="520" ind1=" " ind2=" ">
    <subfield code="a">The Foreign Service series consists of material relating to Landers' work in the Philippines, Vietnam, Korea, and Pakistan. The series includes reports, notes, and correspondence. The material in this series gives some insight into the activities of American Third World development agencies in the 1960s and 1970s.</subfield>
  </datafield>
  <datafield tag="520" ind1=" " ind2=" ">
    <subfield code="a">The Fiscal Management series consists of material from the State Tax Commission, correspondence and reports about the planning of the Michigan state budget, secondary material about the practice of fiscal management, and Landers' correspondence and notes relating to the National Association of State Budget Officers (NASBO). The series mostly consists of reports and correspondence.</subfield>
  </datafield>
  <datafield tag="520" ind1=" " ind2=" ">
    <subfield code="a">The Writings on Government series consists of reports, articles, and a book that Landers wrote on the subject of government. The book, A Bureaucratic View of the Michigan State Government, is a study of the functioning of the state bureaucracy and also serves as a memoir of Landers' years in the state government.</subfield>
  </datafield>
  <datafield tag="555" ind1="0" ind2=" ">
    <subfield code="a">Finding aid in the library.</subfield>
  </datafield>
  <datafield tag="555" ind1="0" ind2=" ">
    <subfield code="a">Finding aid available via the World Wide web at URL: http://quod.lib.umich.edu/cgi/f/findaid/findaid-idx?c=bhlead&amp;idno=umich-bhl-9789</subfield>
  </datafield>
  <datafield tag="500" ind1=" " ind2=" ">
    <subfield code="a">Donor: 8631</subfield>
  </datafield>
  <datafield tag="600" ind1="1" ind2="0">
    <subfield code="a">Landers, Frank Michael.</subfield>
  </datafield>
  <datafield tag="650" ind1=" " ind2="0">
    <subfield code="a">Budget</subfield>
    <subfield code="z">Michigan.</subfield>
  </datafield>
  <datafield tag="650" ind1=" " ind2="0">
    <subfield code="a">Diplomatic and consular service, American.</subfield>
  </datafield>
  <datafield tag="650" ind1=" " ind2="0">
    <subfield code="a">Diplomatic and consular service, American</subfield>
    <subfield code="z">Korea.</subfield>
  </datafield>
  <datafield tag="650" ind1=" " ind2="0">
    <subfield code="a">Diplomatic and consular service, American</subfield>
    <subfield code="z">Pakistan.</subfield>
  </datafield>
  <datafield tag="650" ind1=" " ind2="0">
    <subfield code="a">Diplomatic and consular service, American</subfield>
    <subfield code="z">Philippines.</subfield>
  </datafield>
  <datafield tag="650" ind1=" " ind2="0">
    <subfield code="a">Diplomatic and consular service, American</subfield>
    <subfield code="z">Vietnam.</subfield>
  </datafield>
  <datafield tag="650" ind1=" " ind2="0">
    <subfield code="a">Finance, Public</subfield>
    <subfield code="z">Michigan.</subfield>
  </datafield>
  <datafield tag="651" ind1=" " ind2="0">
    <subfield code="a">Michigan</subfield>
    <subfield code="x">Appropriations and expenditures.</subfield>
  </datafield>
  <datafield tag="651" ind1=" " ind2="0">
    <subfield code="a">Korea.</subfield>
  </datafield>
  <datafield tag="651" ind1=" " ind2="0">
    <subfield code="a">Pakistan.</subfield>
  </datafield>
  <datafield tag="651" ind1=" " ind2="0">
    <subfield code="a">Philippines</subfield>
    <subfield code="x">History</subfield>
    <subfield code="y">1946-1986.</subfield>
  </datafield>
  <datafield tag="651" ind1=" " ind2="0">
    <subfield code="a">Vietnam.</subfield>
  </datafield>
  <datafield tag="856" ind1="4" ind2="2">
    <subfield code="3">Finding aid :</subfield>
    <subfield code="u">http://quod.lib.umich.edu/cgi/f/findaid/findaid-idx?c=bhlead&amp;idno=umich-bhl-9789</subfield>
  </datafield>
  <datafield tag="852" ind1=" " ind2=" ">
    <subfield code="b">Bentley Historical Library,</subfield>
    <subfield code="a">University of Michigan,</subfield>
    <subfield code="e">Ann Arbor, Michigan 48109-2113</subfield>
  </datafield>
  <datafield tag="998" ind1=" " ind2=" ">
    <subfield code="c">TEP</subfield>
  </datafield>
</record>
